@misc{nerc_image,
 title={Interconnections}, 
 publisher={NERC},
 howpublished={http://www.nerc.com/AboutNERC/keyplayers} ,
 year={7-11-2017},
author={NERC}
}

@online{greenhouse_gas,
  author = {EPA},
  title = {Sources of Greenhouse Gas Emissions},
  year = {2016},
  Note   = {\url{https://www.epa.gov/ghgemissions/sources-greenhouse-gas-emissions}
           [Accessed: 8-27-2018]},
}
@techreport{eia_eo,
author={Energy Information Administration},
title={Annual Energy Outlook 2018},
year={2-6-2018}
}

@techreport{ferc_acopf,
author={Cain, M. B. and O'Neill, R. P. and Castillo, A.},
year={2012},
title={History of Optimal Power Flow and Formulations, Paper 1},
institution={FERC}
}

@article{Takashi2015,
author = {Nishikawa, T. and Motter, A. E.},
journal = {New Journal of Physics},
title = {Comparative analysis of existing models for power-grid synchronization Related content Improving power grid transient stability by plug-in electric vehicles},
volume = {17},
year = {2015}
}
@article{Yang2017,
author = {Yang, Y. and Motter, A. E.},
doi = {10.1103/PhysRevLett.119.248302},
journal = {Phys. Rev. Lett.},
number = {24},
pages = {248--302},
title = {Cascading Failures as Continuous Phase-Space Transitions},
volume = {119},
year = {2017}
}

@inproceedings{Gross,
author = {Gro\ss, D. and Bolognani, S. and Poolla, B. K. and D\"{o}rfler, F.},
title = {Increasing the resilience of low-inertia power systems by virtual inertia and damping},
booktitle = {IREP Bulk Power System Dynamics and Control Symposium},
year = {2017}
}

@inproceedings{dorfler_inertia,
address = {Dublin, Ireland},
author = {Milano, F. and D\"{o}rfler, F. and Hug, G. and Hill, D. and Verbic, G.},
booktitle = {Power Systems Computation Conference (PSCC)},
date-added = {2018-04-24 08:58:31 +0000},
date-modified = {2018-05-09 17:53:56 +0000},
funding = {European Union's Horizon 2020 \#691800},
keywords = {Low-Inertia Systems, Power Networks, Frequency Control, Power Electronics Control},
note = {To appear.},
title = {Foundations and Challenges of Low-Inertia Systems},
year = {2018} 
}

@ARTICLE{DeMarco2001, 
author={C. L. DeMarco}, 
journal={IEEE Control Systems}, 
title={A phase transition model for cascading network failure}, 
year={2001}, 
volume={21}, 
number={6}, 
pages={40-51}, 
doi={10.1109/37.969134}, 
ISSN={1066-033X}, 
month={Dec}}


@article{YangMotterSVS,
	author = {Yang, Y. and Nishikawa, T. and Motter, A. E.},
	title = {Small vulnerable sets determine large network cascades in power grids},
	volume = {358},
	year = {2017},
	doi = {10.1126/science.aan3184},
	publisher = {American Association for the Advancement of Science},
   issn = {0036-8075},
	journal = {Science}
}


@article{kurths2014,
author = {Menck, P. J and Heitzig, J. and Kurths, J. and Schellnhuber, J. H.},
journal = {Nature communications},
pages = {3969},
publisher = {Nature Publishing Group},
title = {How dead ends undermine power grid stability},
volume = {5},
year = {2014}
}

@article{Manik2014,
author = {Manik, D. and Witthaut, D. and Sch\"{a}fer, B. and Matthiae, M. and Sorge, A. and Rohden, M. and Katifori, E. and Timme, M.},
doi = {10.1140/epjst/e2014-02274-y},
journal = {Eur. Phys. J. Special Topics},
pages = {2527--2547},
title = {Supply networks: Instabilities without overload},
volume = {223},
year = {2014}
}
@techreport{Miller2014,
address = {Golden, CO},
author = {Miller, N. W. and Shao, M. and Pajic, S. and D'aquila, R.},
institution = {National Renewable Energy Lab},
pages = {1--206},
title = {Western Wind and Solar Integration Study Phase 3 â€“ Frequency Response and Transient Stability},
year = {2014}
}



@article{YangCoSep,
author = {Y. Yang and T. Nishikawa and A. E. Motter},
doi = {10.1103/PhysRevLett.118.048301},
title = {Vulnerability and Cosusceptibility Determine the Size of Network Cascades},
journal = {Physical Review Letters},
volume = {118},
issue = {4},
year = {2017}
}


@article{Motter2002,
author = {Motter, A. E. and Lai, Y.C.},
doi = {10.1103/PhysRevE.66.065102},
issn = {1063-651X},
journal = {Physical Review E},
number = {6},
pages = {065102},
publisher = {American Physical Society},
title = {Cascade-based attacks on complex networks},
volume = {66},
year = {2002}
}

@article{Yang2017,
author = {Yang, Y. and Motter, A. E.},
doi = {10.1103/PhysRevLett.119.248302},
journal = {Physical Review Letters},
number = {24},
pages = {248--302},
title = {Cascading Failures as Continuous Phase-Space Transitions},
volume = {119},
year = {2017}
}

@book{Bienstock2015,
address = {New York, NY, USA},
author = {Bienstock, D.},
doi = {https://doi.org/10.1137/1.9781611974164},
editor = {Scheinberg, Katya},
isbn = {9781611974157},
publisher = {MOS-SIAM Series on Optimization},
title = {Electrical Transmission System Cascades and Vulnerability: An Operations Research Viewpoint},
year = {2015}
}
@article{Dorfler,
journal = {SIAM J. Control Optim},
number = {3},
pages = {1616--1642},
title = {Synchronization and Transient Stability in Power Networks and Nonuniform Kuramoto Oscillators},
volume = {50},
doi = {10.1137/110851584}
}




@article{Witthaut2015,
author = {Witthaut, D. and Timme, M.},
doi = {10.1103/PhysRevE.92.032809},
issn = {1539-3755},
journal = {Physical Review E},
number = {3},
pages = {032809},
publisher = {American Physical Society},
title = {Nonlocal effects and countermeasures in cascading failures},
volume = {92},
year = {2015}
}

@article{Kornbluth2018,
author = {Kornbluth, Y. and Barach, G. and Tuchman, Y. and Kadish, B. and Cwilich, G. and Buldyrev, S. V.},
doi = {10.1103/PhysRevE.97.052309},
issn = {2470-0045},
journal = {Physical Review E},
number = {5},
pages = {052309},
publisher = {American Physical Society},
title = {Network overload due to massive attacks},
volume = {97},
year = {2018}
}



@ARTICLE{bialek, 
author={Bialek, J. and Ciapessoni, E. and Cirio, D. and Cotilla-Sanchez, E. and Dent, C. and Dobson, I. and Henneaux, P. and Hines, P. D. and Jardim, J. and Miller, S. and Panteli, M. and Papic, M. and Pitto, A. and Quiros-Tortos, J. and Wu, D.}, 
journal={IEEE Transactions on Power Systems}, 
title={Benchmarking and Validation of Cascading Failure Analysis Tools}, 
year={2016}, 
volume={31}, 
number={6}, 
pages={4887-4900}, 
doi={10.1109/TPWRS.2016.2518660}, 
ISSN={0885-8950}, 
}

@INPROCEEDINGS{opa0, 
author={I. Dobson and B. A. Carreras and V. E. Lynch and D. E. Newman}, 
booktitle={Proceedings of the 34th Annual Hawaii International Conference on System Sciences}, 
title={An initial model for complex dynamics in electric power system blackouts}, 
year={2001}, 
pages={710-718}, 
keywords={Inductance;Load flow;Load modeling;Power system dynamics;Power system modeling;Power transmission lines;Random variables;Timing;Transformers;Transmission line matrix methods}, 
}


@article{opa1,
author = {B. A. Carreras and V. E. Lynch and I. Dobson and D. E. Newman},
title = {Complex dynamics of blackouts in power transmission systems},
journal = {Chaos},
volume = {14},
number = {3},
pages = {643-652},
year = {2004},
doi = {10.1063/1.1781391}
}

@INPROCEEDINGS{opa2, 
author={B. A. Carreras and D. E. Newman and I. Dobson and N. S. Degala}, 
booktitle={2013 46th Hawaii International Conference on System Sciences}, 
title={Validating OPA with WECC Data}, 
year={2013}, 
pages={2197-2204}, 
doi={10.1109/HICSS.2013.594}, 
ISSN={1530-1605}, 
}


@ARTICLE{hines_ig, 
author={Hines, P. D. and Dobson, I. and Rezaei, P.},
journal={IEEE Transactions on Power Systems}, 
title={Cascading Power Outages Propagate Locally in an Influence Graph That is Not the Actual Grid Topology}, 
year={2017}, 
volume={32}, 
number={2}, 
pages={958-967}, 
doi={10.1109/TPWRS.2016.2578259}, 
ISSN={0885-8950}, 
}

@article{CASCADE1,
 author = {Dobson, I. and Carreras, B. A. and Newman, D. E.},
 title = {A Loading-Dependent Model of Probabilistic Cascading Failure},
 journal = {Probab. Eng. Inf. Sci.},
 issue_date = {January 2005},
 volume = {19},
 number = {1},

 year = {2005},
 issn = {0269-9648},
 pages = {15--32},
 numpages = {18},
 doi = {10.1017/S0269964805050023},
 acmid = {1036379},
 publisher = {Cambridge University Press},
 address = {New York, NY, USA}
} 

 


@inproceedings{opaValidate,
  title={Validating OPA with WECC Data},
  author={B. A. Carreras and D. E. Newman and I. Dobson and N. S. Degala},
  booktitle={HICSS},
  year={2013}
}


@ARTICLE{def_stability, 
author={P. Kundur and J. Paserba and V. Ajjarapu and G. Andersson and A. Bose and C. Canizares and N. Hatziargyriou and D. Hill and A. Stankovic and C. Taylor and T. Van Cutsem and V. Vittal}, 
journal={IEEE Transactions on Power Systems}, 
title={Definition and classification of power system stability IEEE/CIGRE joint task force on stability terms and definitions}, 
year={2004}, 
volume={19}, 
number={3}, 
pages={1387-1401},  
doi={10.1109/TPWRS.2004.825981}, 
ISSN={0885-8950}, 
}

@article{fidvr_nerc,
	title = {A Technical Reference Paper Fault-Induced Delayed Voltage Recovery},
	year = {2009},

	institution = {NERC},
	type = {NERC},
	journal={},
	address = {Princeton, NJ},
	author = {NERC}
}

@book{psdc_kwatny,
	author={H. G. Kwatny and K. Miu-Miller},
	title={Power System Dynamics and Control},
	year={2016},
	publisher={B. Basel},
	doi={10.1007/978-0-8176-4674-5}
}

@book{epe_handbook,
	editor={L.L. Grigsby}, 
	year={2001},
	title={The electric power engineering handbook},
	publisher={CRC Press},
	pages={3-42},
	address="Auburn, Alabama"
}

@ARTICLE{random_chemistry, 
author={M. J. Eppstein and P. D. Hines}, 
journal={IEEE Transactions on Power Systems}, 
title={A Random Chemistry Algorithm for Identifying Collections of Multiple Contingencies That Initiate Cascading Failure}, 
year={2012}, 
volume={27}, 
number={3}, 
pages={1698-1705}, 
doi={10.1109/TPWRS.2012.2183624}, 
ISSN={0885-8950}, 
}


@ARTICLE{random_chemistry2, 
author={P. Rezaei and P. D. Hines and M. J. Eppstein}, 
journal={IEEE Transactions on Power Systems}, 
title={Estimating Cascading Failure Risk With Random Chemistry}, 
year={2015}, 
volume={30}, 
number={5}, 
pages={2726-2735}, 
doi={10.1109/TPWRS.2014.2361735}, 
ISSN={0885-8950}, 
}

@article{Burkholz2018,
author = {Burkholz, R. and Herrmann, H. J. and Schweitzer, F.},
doi = {10.1038/s41598-018-25211-3},
issn = {2045-2322},
journal = {Scientific Reports},
keywords = {Applied mathematics,Complex networks},
number = {1},
pages = {6878},
publisher = {Nature Publishing Group},
title = {Explicit size distributions of failure cascades redefine systemic risk on finite networks},
url = {http://www.nature.com/articles/s41598-018-25211-3},
volume = {8},
year = {2018}
}

@ARTICLE{Schafer2018,
author = {B. Schafer and D. Witthaut and M. Timme and V. Latora},
doi = {10.1038/s41467-018-04287-5},
issn = {2041-1723},
journal = {Nature Communications},
number = {1},
pages = {1975},
title = {Dynamically induced cascading failures in power grids},
url = {http://www.nature.com/articles/s41467-018-04287-5},
volume = {9},
year = {2018}
}



@ARTICLE{na_cf_stats, 
author={B. A. Carreras and D. E. Newman and I. Dobson}, 
journal={IEEE Transactions on Power Systems}, 
title={North American Blackout Time Series Statistics and Implications for Blackout Risk}, 
year={2016}, 
volume={31}, 
number={6}, 
pages={4406-4414}, 
doi={10.1109/TPWRS.2015.2510627}, 
ISSN={0885-8950}, 
}


@INPROCEEDINGS{initial_review_methods, 
author={R. Baldick and B. Chowdhury and I. Dobson and Z. Dong and B. Gou and D. Hawkins and H. Huang and M. Joung and D. Kirschen and F. Li and J. Li and Zuyi Li and C. Liu and L. Mili and S. Miller and R. Podmore and K. Schneider and K. Sun and D. Wang and Z. Wu and P. Zhang and W. Zhang and X. Zhang}, 
booktitle={2008 IEEE Power and Energy Society General Meeting - Conversion and Delivery of Electrical Energy in the 21st Century}, 
title={Initial review of methods for cascading failure analysis in electric power transmission systems IEEE PES CAMS task force on understanding, prediction, mitigation and restoration of cascading failures}, 
year={2008}, 
pages={1-8}, 
doi={10.1109/PES.2008.4596430}, 
ISSN={1932-5517}, 
}


@Inbook{reliability_def,
author="{\v{C}}epin, M.",
title="Definition of Reliability and Risk",
bookTitle="Assessment of Power System Reliability: Methods and Applications",
year="2011",
publisher="Springer London",
address="London",
pages="27--32",
isbn="978-0-85729-688-7",
doi="10.1007/978-0-85729-688-7_3"
}


@Inbook{security_def,
author={Haarla, L. and Koskinen, M. and Hirvonen, R. and Labeau, P. E.},
title={Grid Security: Problem Statement},
bookTitle={Transmission Grid Security: A PSA Approach},
year={2011},
publisher={Springer London},
address={London},
pages={3--19},
doi={10.1007/978-0-85729-145-5_2}
}

@article{ferc_215, 
place={United States},
 title={Energy Policy Act of 2005},
  journal={Pub.L. 109-58},
   year={2005}, 
   author={Congress},
  
   }
   
@misc{nerc, 
	title={About NERC}, 
	howpublished={http://www.nerc.com/AboutNERC/Pages/default.aspx}, 
	journal={About NERC}, 
	publisher={NERC},
	author={NERC},
	year={7-11-2017}
}

@misc{nerc_image,
 title={Interconnections}, 
 publisher={NERC},
 howpublished={http://www.nerc.com/AboutNERC/keyplayers} ,
 year={7-11-2017},
author={NERC}
}	


@article{doe_industry_primer,
	title = {United States Electricity Industry Primer},
	year = {2015},

	institution = {DOE},
	address = {Princeton, NJ},
	author = {DOE}
}
	
@INPROCEEDINGS{CASCADE_branch, 
author={I. Dobson and B. A. Carreras and D. E. Newman}, 
booktitle={37th Annual Hawaii International Conference on System Sciences, 2004. Proceedings of the}, 
title={A branching process approximation to cascading load-dependent system failure}, 
year={2004}, 
pages={10 pp.-}, 
doi={10.1109/HICSS.2004.1265185}, 
}

@INPROCEEDINGS{examine_crit, 
author={I. Dobson and J. Chen and J. S. Thorp and B. A. Carreras and D. E. Newman}, 
booktitle={Proceedings of the 35th Annual Hawaii International Conference on System Sciences}, 
title={Examining criticality of blackouts in power system models with cascading events}, 
year={2002}, 
pages={10 pp.-}
doi={10.1109/HICSS.2002.993975}, 
}



@inproceedings{dyn_v_prob_approaches,
 author = {Carreras, B. A. and Lynch, V. E. and Dobson, I. and Newman, D. E.},
 title = {Dynamical and Probabilistic Approaches to the Study of Blackout Vulnerability of the Power Transmission Grid},
 booktitle = {Proceedings of the Proceedings of the 37th Annual Hawaii International Conference on System Sciences (HICSS'04) - Track 2 - Volume 2},
 series = {HICSS '04},
 year = {2004},
 isbn = {0-7695-2056-1},
 pages = {20055.2--},
 publisher = {IEEE Computer Society},
 address = {Washington, DC, USA}
} 


@INPROCEEDINGS{CASCADE_and_OPA, 
author={I. Dobson and B. A. Carreras and V. E. Lynch and B. Nkei and D. E. Newman}, 
booktitle={2004 International Conference on Probabilistic Methods Applied to Power Systems}, 
title={Estimating failure propagation in models of cascading blackouts}, 
year={2004}, 
pages={641-646}, 
}

@INPROCEEDINGS{CASCADE_est, 
author={I. Dobson and K. R. Wierzbicki and B. A. Carreras and V. E. Lynch and D. E. Newman}, 
booktitle={Proceedings of the 39th Annual Hawaii International Conference on System Sciences (HICSS'06)}, 
title={An Estimator of Propagation of Cascading Failure}, 
year={2006}, 
volume={10}, 
pages={245c-245c}, 
doi={10.1109/HICSS.2006.54}, 
ISSN={1530-1605}, 
}


@INPROCEEDINGS{OPA_prop_failure, 
author={J. Kim and I. Dobson}, 
booktitle={2010 Complexity in Engineering}, 
title={Propagation of Load Shed in Cascading Line Outages Simulated by OPA}, 
year={2010}, 
pages={1-6},  
doi={10.1109/COMPENG.2010.39}, 
}

@ARTICLE{CASCADE_motor_stall, 
author={H. Wu and I. Dobson}, 
journal={IEEE Transactions on Power Systems}, 
title={Analysis of Induction Motor Cascading Stall in a Simple System Based on the CASCADE Model}, 
year={2013}, 
volume={28}, 
number={3}, 
pages={3184-3193},  
doi={10.1109/TPWRS.2013.2244924}, 
ISSN={0885-8950}, 
}

@article{hidden_failures,
title = "Cascading dynamics and mitigation assessment in power system disturbances via a hidden failure model",
journal = "International Journal of Electrical Power and Energy Systems",
volume = "27",
number = "4",
pages = "318 - 326",
year = "2005",
issn = "0142-0615",
doi = "http://dx.doi.org/10.1016/j.ijepes.2004.12.003",
author = "J. Chen and J. S. Thorp and I. Dobson"
}

@INPROCEEDINGS{electrical_betweenness, 
author={P. D. Hines and S. Blumsack}, 
booktitle={Proceedings of the 41st Hawaii International Conference on System Sciences},
title={A Centrality Measure for Electrical Networks}, 
year={2008}
}


@article{topology_good,
author = {P. D. Hines and E. Cotilla-Sanchez and S. Blumsack},
title = {Do topological models provide good information about electricity infrastructure vulnerability?},
journal = {Chaos},
volume = {20},
number = {3},
pages = {033122},
year = {2010},
doi = {10.1063/1.3489887}
}

@article{kirschen,
  title={Discovering Mechanisms of Large Disturbance Development},
  author={Kirschen, D. and Nedic, D. S.},
  year={2004},
  conference={Bulk Power System Dynamics and Control}
}




@article{chen,
title={Identifying High Risk N-k Contingencies for Online Security Assessment},
journal={IEEE Transactions on Power Systems},
volume={20},
issue={2},
year={2005},
author={Q. Chen and J. D. McCalley}
}

@INPROCEEDINGS{donde, 
author={V. Donde and V. Lopez and B. Lesieutre and A. Pinar and C. Yang and J. Meza}, 
booktitle={Proceedings of the 37th Annual North American Power Symposium, 2005.}, 
title={Identification of severe multiple contingencies in electric power networks}, 
year={2005}, 
pages={59-66}, 
doi={10.1109/NAPS.2005.1560502}, 



@article{net_effic_1,
  title = {Efficient Behavior of Small-World Networks},
  author = {Latora, V. and Marchiori, M.},
  journal = {Physical Review Letters},
  volume = {87},
  issue = {19},
  pages = {198701},
  numpages = {4},
  year = {2001},
 
  publisher = {American Physical Society},
  doi = {10.1103/PhysRevLett.87.198701}
 
}


@article{net_effic_2,
author = {S. Arianos and E. Bompard and A. Carbone and F. Xue},
title = {Power grid vulnerability: A complex network approach},
journal = {Chaos},
volume = {19},
number = {1},
pages = {013119},
year = {2009},
doi = {10.1063/1.3077229}
}

@Article{effic_harm,
author={Kinney, R. and Crucitti, P. and Albert, R. and Latora, V.},
title={Modeling cascading failures in the North American power grid},
journal={European Physical Journal B},
year={2005},
day={01},
volume={46},
number={1},
pages={101--107},
issn={1434-6036},
doi={10.1140/epjb/e2005-00237-9}
}


@article{restoration,
author = {M. Ouyang and L. Zhao},
title = {Do topological models contribute to decision making on post-disaster electric power system restoration?},
journal = {Chaos},
volume = {24},
number = {4},
pages = {043131},
year = {2014},
doi = {10.1063/1.4898731}
}

@article{watts,
  title={Collective dynamics of ``small-world" networks},
  author={Watts, D. J. and Strogatz, S. H.},
  journal={Nature},
  volume={393},
  number={6684},
  pages={440},
  year={1998},
  publisher={Nature Publishing Group}
}


@INPROCEEDINGS{dual_graph, 
author={P. D. Hines and I. Dobson and E. Cotilla-Sanchez and M. Eppstein}, 
booktitle={2013 46th Hawaii International Conference on System Sciences}, 
title={``{Dual Graph}" and ``{Random Chemistry}" Methods for Cascading Failure Analysis}, 
year={2013}, 
pages={2141-2150}, 
keywords={Failure analysis;Load modeling;Power grids;Power system faults;Power system protection;Power transmission lines;Power systems;cascading failure;complex networks}, 
doi={10.1109/HICSS.2013.1}, 
ISSN={1530-1605}
}




@article{interdependent,
	title={Suppressing cascades of load in interdependent networks},
	author={C. D. Brummit and R. M. D'Souza and E.A. Leicht},
	journal={PNAS},
	year={2012}
}

@Article{top_Pepyne,
	author="Pepyne, D. L.",
	title="Topology and cascading line outages in power grids",
	journal="Journal of Systems Science and Systems Engineering",
	year="2007",
	day="01",
	volume="16",
	number="2",
	pages="202--221",
	issn="1861-9576",
	doi="10.1007/s11518-007-5044-8"
}






@article{interdep_buld,
	Annote = {10.1038/nature08932},
	Author = {Buldyrev, S. V. and Parshani, R. and Paul, G. and Stanley, H. E. and Havlin, S.},
	Date = {2010/04/15/print},
	Day = {15},
	Isbn = {0028-0836},
	Journal = {Nature},
	M3 = {10.1038/nature08932},
	Number = {7291},
	Pages = {1025--1028},
	Title = {Catastrophic cascade of failures in interdependent networks},
	Volume = {464},
	Year = {2010}
}

@inproceedings{model_assump,
  title={Evaluating the impact of modeling assumptions for cascading failure simulation},
  author={Fitzmaurice, R. and Cotilla-Sanchez, E. and Hines, P. D.},
  booktitle={Power and Energy Society General Meeting, 2012 IEEE},
  pages={1--8},
  year={2012},
  organization={IEEE}
}

@article{albert,
  title = {Structural vulnerability of the North American power grid},
  author = {Albert, R. and Albert, I. and Nakarado, G. L.},
  journal = {Physical Review E},
  volume = {69},
  issue = {2},
  pages = {025103},
  numpages = {4},
  year = {2004},
  publisher = {American Physical Society},
  doi = {10.1103/PhysRevE.69.025103}
}

@article{chassin,
  title={Evaluating North American electric grid reliability using the Barab{\'a}si--Albert network model},
  author={Chassin, D. P. and Posse, C.},
  journal={Physica A},
  volume={355},
  number={2},
  pages={667--677},
  year={2005},
  publisher={Elsevier}
}


@article{watts_contagion,
  title={A simple model of global cascades on random networks},
  author={Watts, D. J.},
  journal={Proceedings of the National Academy of Sciences},
  volume={99},
  number={9},
  pages={5766--5771},
  year={2002},
  publisher={National Academy of Sciences}
}

@inproceedings{market_social_net,
 author = {Kempe, D. and Kleinberg, J. and Tardos, \'{E}.},
 title = {Maximizing the Spread of Influence Through a Social Network},
 booktitle = {Proceedings of the Ninth ACM SIGKDD International Conference on Knowledge Discovery and Data Mining},
 series = {KDD '03},
 year = {2003},
 isbn = {1-58113-737-0},
 location = {Washington, D.C.},
 pages = {137--146},
 numpages = {10},
 doi = {10.1145/956750.956769},
 acmid = {956769},
 publisher = {ACM},
 address = {New York, NY, USA}
} 

@article{newman_virus,
  title = {Email networks and the spread of computer viruses},
  author = {Newman, M. E. J. and Forrest, S. and Balthrop, J.},
  journal = {Physical Review E},
  volume = {66},
  issue = {3},
  pages = {035101},
  numpages = {4},
  year = {2002},
  publisher = {American Physical Society},
  doi = {10.1103/PhysRevE.66.035101}
}


@article{spread_financ,
title = "Network models and financial stability",
journal = "Journal of Economic Dynamics and Control",
volume = "31",
number = "6",
pages = "2033 - 2060",
year = "2007",
note = "Tenth Workshop on Economic Heterogeneous Interacting Agents",
issn = "0165-1889",
doi = "http://dx.doi.org/10.1016/j.jedc.2007.01.014",
author = "E. Nier and J. Yang and T. Yorulmazer and A. Alentorn"
}




@INPROCEEDINGS{newman_coupled, 
author={D. E. Newman and B. Nkei and B. A. Carreras and I. Dobson and V. E. Lynch and P. Gradney}, 
title={Risk Assessment in Complex Interacting Infrastructure Systems}, 
year={2005}, 
doi={10.1109/HICSS.2005.524}, 
ISSN={1530-1605}
}



@ARTICLE{opa_improved, 
author={S. Mei and F. He and X. Zhang and S. Wu and G. Wang}, 
journal={IEEE Transactions on Power Systems}, 
title={An Improved OPA Model and Blackout Risk Assessment}, 
year={2009}, 
volume={24}, 
number={2}, 
pages={814-823}, 
doi={10.1109/TPWRS.2009.2016521}, 
ISSN={0885-8950}
}



@article{bak,
title = "Self-organized criticality",
journal = "Physica A",
volume = "163",
number = "1",
pages = "403 - 409",
year = "1990",
note = "",
issn = "0378-4371",
doi = "http://dx.doi.org/10.1016/0378-4371(90)90348-V",
author = "P. Bak"

}
@article{soc_evidence,
  title={Evidence for self-organized criticality in a time series of electric power system blackouts},
  author={Carreras, B. A. and Newman, D. E. and Dobson, I. and Poole, B. A.},
  journal={IEEE Transactions on Circuits and Systems I: Regular Papers},
  volume={51},
  number={9},
  pages={1733--1740},
  year={2004},
  publisher={IEEE}
}

@article{OPA_size,
author = {B. A. Carreras and D. E. Newman and I. Dobson},
title = {Does size matter?},
journal = {Chaos},
volume = {24},
number = {2},
pages = {023104},
year = {2014},
doi = {10.1063/1.4868393}
}

@ARTICLE{OPA_req, 
author={H. Ren and I. Dobson and B. A. Carreras}, 
journal={IEEE Transactions on Power Systems}, 
title={Long-Term Effect of the n-1 Criterion on Cascading Line Outages in an Evolving Power Transmission Grid}, 
year={2008}, 
volume={23}, 
number={3}, 
pages={1217-1225}, 
doi={10.1109/TPWRS.2008.926417}, 
ISSN={0885-8950}
}



@INPROCEEDINGS{OPA_line, 
author={B. A. Carreras and D. E. Newman and I. Dobson and J. M. R. Barredo}, 
booktitle={2016 49th Hawaii International Conference on System Sciences (HICSS)}, 
title={The Impact of Local Power Balance and Link Reliability on Blackout Risk in Heterogeneous Power Transmission Grids}, 
year={2016}, 
pages={2584-2593}, 
doi={10.1109/HICSS.2016.322}, 
ISSN={1530-1605}
}


@inbook{kundur,
	author = {Kundur, P. S.},
	Title = {Power System Stability and Control},
	Doi = {doi:10.1201/b12113-11},
	Isbn = {978-1-4398-8320-4},
	Pages = {1-12},
	Publisher = {CRC Press},
	Year = {2012}
}



@techreport{nerc_inv,
title={1200 MW Fault Induced Solar Photovoltaic Resource Interruption Disturbance Report},
author={NERC},
year={2017}
}



@ARTICLE{volt_stab, 
author={S. Abe and Y. Fukunaga and A. Isono and B. Kondo}, 
journal={IEEE Transactions on Power Apparatus and Systems}, 
title={Power System Voltage Stability}, 
year={1982}, 
volume={PAS-101}, 
number={10}, 
pages={3830-3840}, 
doi={10.1109/TPAS.1982.317069}, 
ISSN={0018-9510}
}


@Article{dae,
author="Hill, D. J.
and Hiskens, I. A.
and Mareels, I. M. Y.",
title="Stability theory of differential/algebraic models of power systems",
journal="Sadhana",
year="1993",
day="01",
volume="18",
number="5",
pages="731--747",
issn="0256-2499",
doi="10.1007/BF03024222"
}
@ARTICLE{cosmic, 
author={J. Song and E. Cotilla-Sanchez and G. Ghanavati and P. D. Hines}, 
journal={IEEE Transactions on Power Systems}, 
title={Dynamic Modeling of Cascading Failure in Power Systems}, 
year={2016}, 
volume={31}, 
number={3}, 
pages={2085-2095}, 
doi={10.1109/TPWRS.2015.2439237}, 
ISSN={0885-8950}
}



@article{manchester,
title = "Criticality in a cascading failure blackout model",
journal = "International Journal of Electrical Power \& Energy Systems",
volume = "28",
number = "9",
pages = "627 - 633",
year = "2006",
issn = "0142-0615",
doi = "http://dx.doi.org/10.1016/j.ijepes.2006.03.006",
author = "D. P. Nedic and I. Dobson and D. S. Kirschen and B. A. Carreras and V. E. Lynch"
}

@techreport{nerc_stand,
title={NERC standards and Table 1, Transmission System Standards - Normal and Emergency Conditions},
author={NERC}
}



@ARTICLE{pv_penet, 
author={S. Eftekharnejad and V. Vittal and G. T. Heydt and B. Keel and J. Loehr}, 
journal={IEEE Transactions on Power Systems}, 
title={Impact of increased penetration of photovoltaic generation on power systems}, 
year={2013}, 
volume={28}, 
number={2}, 
pages={893-901}, 
doi={10.1109/TPWRS.2012.2216294}, 
ISSN={0885-8950}
}

@article{pv_grid,
author = {G. M. Shafiullah and A. M. T. Oo and A. B. M. Shawkat Ali and P. Wolfs and A. Stojcevski},
title = {Experimental and simulation study of the impact of increased photovoltaic integration with the grid},
journal = {Journal of Renewable and Sustainable Energy},
volume = {6},
number = {3},
pages = {033144},
year = {2014},
doi = {10.1063/1.4885105}
}







@Inbook{rel_broad,
title="Power System Reliability",
author="Verma, A. K.",
bookTitle="Reliability and Safety Engineering",
year="2010",
publisher="Springer London",
address="London",
pages="305--321",
isbn="978-1-84996-232-2",
doi="10.1007/978-1-84996-232-2_8"
}



@inProceedings{top_ps_hines,
title="The Topological and Electrical Structure of Power Grids",
author="P. D. Hines and S. Blumsack and E. Cotilla-Sanchez and C. Barrows",
booktitle="Proceedings of the 43rd Hawaii International Conference on System Sciences",
year="2010"
}

@article{net_effic_3,
  title={Model for cascading failures in complex networks},
  author={Crucitti, P. and Latora, V. and Marchiori, M.},
  journal={Physical Review E},
  volume={69},
  number={4},
  pages={045104},
  year={2004},
  publisher={APS}
}


@ARTICLE{islanding, 
author={B. Yang and V. Vittal and G. T. Heydt}, 
journal={IEEE Transactions on Power Systems}, 
title={Slow-Coherency-Based Controlled Islanding: A Demonstration of the Approach on the {August} 14, 2003 Blackout Scenario}, 
year={2006}, 
volume={21}, 
number={4}, 
pages={1840-1847}, 
doi={10.1109/TPWRS.2006.881126}, 
ISSN={0885-8950}
}


@ARTICLE{gen_inst_prob, 
author={M. A. Rios and D. S. Kirschen and D. Jayaweera and D. P. Nedic and R. N. Allan}, 
journal={IEEE Transactions on Power Systems}, 
title={Value of security: modeling time-dependent phenomena and weather conditions}, 
year={2002}, 
volume={17}, 
number={3}, 
pages={543-548}, 
doi={10.1109/TPWRS.2002.800872}, 
ISSN={0885-8950}
}







@Inbook{power_reliability,
title="Power System Reliability",
bookTitle="Reliability and Safety Engineering",
year="2010",
author = "Billington, R.",
publisher="Springer London",
address="London",
pages="305--321",
isbn="978-1-84996-232-2",
doi="10.1007/978-1-84996-232-2_8"
}


@article{dg_reliability,
title = "An overview of reliability models and methods for distribution systems with renewable energy distributed generation",
journal = "Renewable and Sustainable Energy Reviews",
volume = "16",
number = "6",
pages = "4008 - 4015",
year = "2012",
note = "",
issn = "1364-0321",
doi = "http://dx.doi.org/10.1016/j.rser.2012.03.055",
author = "C. L. T. Borges"
}



@ARTICLE{inverter_transient, 
author={J. Sun}, 
journal={IEEE Transactions on Power Electronics}, 
title={Impedance-Based Stability Criterion for Grid-Connected Inverters}, 
year={2011}, 
volume={26}, 
number={11}, 
pages={3075-3078}, 
doi={10.1109/TPEL.2011.2136439}, 
ISSN={0885-8993}
}





@techreport{pjm_report,
author={PJM Resource Adequacy Planning Department },
title={PJM Load Forecast Report},
year={2017},
institution={PJM}
}





@article{kurths,
  title={How dead ends undermine power grid stability},
  author={Menck, P. J. and Heitzig, J. and Kurths, J. and Schellnhuber, H. J.},
  journal={Nature communications},
  volume={5},
  pages={3969},
  year={2014},
  publisher={Nature Publishing Group}
}







@techreport{ferc_acopf,
author={Cain, M. B. and O'Neill, R. P. and Castillo, A.},
year={2012},
title={History of Optimal Power Flow and Formulations, Paper 1},
institution={FERC}
}


@Article{opf_renew,
author="Tahanan, M.
and van Ackooij, W.
and Frangioni, A.
and Lacalandra, F.",
title="Large-scale Unit Commitment under uncertainty",
journal="4OR",
year="2015",
day="01",
volume="13",
number="2",
pages="115--171",
issn="1614-2411",
doi="10.1007/s10288-014-0279-y"
}

@article{matpower,
author={Zimmerman, R. D. and Murillo-SÃ¡nchez,C. E. and Thomas,R. J.},
title={MATPOWER: Steady-State Operations, Planning and Analysis Tools for Power Systems Research and Education},
journal={Power Systems, IEEE Transactions},
volume={26},
issue={1}, 
pages={12-19}, 
year={2011},
doi={10.1109/TPWRS.2010.2051168}
}




@INPROCEEDINGS{overbye, 
author={T. J. Overbye and X. Cheng and Y. Sun}, 
booktitle={37th Annual Hawaii International Conference on System Sciences, 2004. Proceedings of the}, 
title={A comparison of the AC and DC power flow models for LMP calculations}, 
year={2004}, 
pages={9 pp.-}, 
doi={10.1109/HICSS.2004.1265164},
}

@article{Newman2011,
author = {Newman, D. E. and Carreras, B. A. and Lynch, V. E. and Dobson, I.},
doi = {10.1109/TR.2011.2104711},
journal = {IEEE Transactions on Reliability},
number = {1},
pages = {134--143},
title = {Exploring Complex Systems Aspects of Blackout Risk and Mitigation},
volume = {60},
year = {2011}
}


@article{Newman2008,
author = {Newman, D.E. and Carreras, B.A. and Lynch, V.E. and Dobson, I.},
journal = {Proceedings of the 41st Hawaii International Conference on System Sciences},
title = {Evaluating the effect of upgrade, control and development strategies on robustness and failure risk of the Power Transmission Grid},
year = {2008}
}


@article{Soltan2017,
author = {Soltan, S. and Loh, A. and Zussman, G.},
doi = {10.1109/TCNS.2017.2716758},
journal = {IEEE Transactions on Control of Network Systems},
pages = {1--1},
title = {Analyzing and Quantifying the Effect of k-line Failures in Power Grids},
year = {2017}
}


@article{Birchfield2017,
author = {Birchfield, A. B. and Xu, Ti and Gegner, K. M. and Shetye, K. S. and Overbye, T. J.},
doi = {10.1109/TPWRS.2016.2616385},
issn = {0885-8950},
journal = {IEEE Transactions on Power Systems},
month = {jul},
number = {4},
pages = {3258--3265},
title = {Grid Structural Characteristics as Validation Criteria for Synthetic Networks},
url = {http://ieeexplore.ieee.org/document/7725528/},
volume = {32},
year = {2017}
}




@inproceedings{Xu2017,
author = {Xu, T. and Birchfield, A. B and Shetye, K. S and Overbye, T. J},
booktitle = {IREP Symposium Bulk Power System Dynamics and Control},
title = {Creation of Synthetic Electric Grid Models for Transient Stability Studies},
url = {http://irep2017.inesctec.pt/conference-papers/conference-papers/paper23i1v5hwmh.pdf},
year = {2017}
}







